@inproceedings{deepc,
  author    = {Matej Balog and
               Alexander L. Gaunt and
               Marc Brockschmidt and
               Sebastian Nowozin and
               Daniel Tarlow},
  title     = {DeepCoder: Learning to Write Programs},
  booktitle = {5th International Conference on Learning Representations, {ICLR} 2017,
               Toulon, France, April 24-26, 2017, Conference Track Proceedings},
  publisher = {OpenReview.net},
  year      = {2017},
  url       = {https://openreview.net/forum?id=ByldLrqlx},
  timestamp = {Thu, 25 Jul 2019 14:25:51 +0200},
  biburl    = {https://dblp.org/rec/conf/iclr/BalogGBNT17.bib},
  bibsource = {dblp computer science bibliography, https://dblp.org}
}

@inproceedings{pcc,
  author    = {Amit Zohar and
               Lior Wolf},
  editor    = {Samy Bengio and
               Hanna M. Wallach and
               Hugo Larochelle and
               Kristen Grauman and
               Nicol{\`{o}} Cesa{-}Bianchi and
               Roman Garnett},
  title     = {Automatic Program Synthesis of Long Programs with a Learned Garbage
               Collector},
  booktitle = {Advances in Neural Information Processing Systems 31: Annual Conference
               on Neural Information Processing Systems 2018, NeurIPS 2018, December
               3-8, 2018, Montr{\'{e}}al, Canada},
  pages     = {2098--2107},
  year      = {2018},
  url       = {https://proceedings.neurips.cc/paper/2018/hash/390e982518a50e280d8e2b535462ec1f-Abstract.html},
  timestamp = {Thu, 21 Jan 2021 15:15:20 +0100},
  biburl    = {https://dblp.org/rec/conf/nips/ZoharW18.bib},
  bibsource = {dblp computer science bibliography, https://dblp.org}
}

@inproceedings{tree-lstm,
  author    = {Kai Sheng Tai and
               Richard Socher and
               Christopher D. Manning},
  title     = {Improved Semantic Representations From Tree-Structured Long Short-Term
               Memory Networks},
  booktitle = {Proceedings of the 53rd Annual Meeting of the Association for Computational
               Linguistics and the 7th International Joint Conference on Natural
               Language Processing of the Asian Federation of Natural Language Processing,
               {ACL} 2015, July 26-31, 2015, Beijing, China, Volume 1: Long Papers},
  pages     = {1556--1566},
  publisher = {The Association for Computer Linguistics},
  year      = {2015},
  url       = {https://www.aclweb.org/anthology/P15-1150/},
  doi       = {10.3115/v1/p15-1150},
  timestamp = {Tue, 28 Jan 2020 10:28:03 +0100},
  biburl    = {https://dblp.org/rec/conf/acl/TaiSM15.bib},
  bibsource = {dblp computer science bibliography, https://dblp.org}
}

@article{best-first,
  author    = {Clara Meister and
               Ryan Cotterell and
               Tim Vieira},
  title     = {Best-First Beam Search},
  journal   = {Trans. Assoc. Comput. Linguistics},
  volume    = {8},
  pages     = {795--809},
  year      = {2020},
  url       = {https://transacl.org/ojs/index.php/tacl/article/view/2169},
  timestamp = {Wed, 17 Feb 2021 21:55:30 +0100},
  biburl    = {https://dblp.org/rec/journals/tacl/MeisterCV20.bib},
  bibsource = {dblp computer science bibliography, https://dblp.org}
}

@misc{cat,
  author    = {Christopher Diggins},
  title     = {The Cat Programming Language},
  publisher = {GitHub},
  year      = {2007},
  journal   = {GitHub repository},
  url       = {http://www.cat-language.com/},
}

@incollection{pytorch,
title = {PyTorch: An Imperative Style, High-Performance Deep Learning Library},
author = {Paszke, Adam and Gross, Sam and Massa, Francisco and Lerer, Adam and Bradbury, James and Chanan, Gregory and Killeen, Trevor and Lin, Zeming and Gimelshein, Natalia and Antiga, Luca and Desmaison, Alban and Kopf, Andreas and Yang, Edward and DeVito, Zachary and Raison, Martin and Tejani, Alykhan and Chilamkurthy, Sasank and Steiner, Benoit and Fang, Lu and Bai, Junjie and Chintala, Soumith},
booktitle = {Advances in Neural Information Processing Systems 32},
editor = {H. Wallach and H. Larochelle and A. Beygelzimer and F. d\textquotesingle Alch\'{e}-Buc and E. Fox and R. Garnett},
pages = {8024--8035},
year = {2019},
publisher = {Curran Associates, Inc.},
url = {http://papers.neurips.cc/paper/9015-pytorch-an-imperative-style-high-performance-deep-learning-library.pdf}
}

@misc{pytorch-tree-lstm,
  author    = {Jordan Dawe},
  title     = {pytorch-tree-lstm},
  publisher = {GitHub},
  year      = {2019},
  journal   = {GitHub repository},
  url       = {https://github.com/unbounce/pytorch-tree-lstm},
}

@misc{pytest,
  title =        {pytest 6.2},
  author = {Krekel, Holger and Oliveira, Bruno and Pfannschmidt, Ronny and Bruynooghe, Floris and Laugher, Brianna and Bruhin, Florian},
  year =         {2004},
  url = {https://github.com/pytest-dev/pytest},
}

@misc{typing,
  title =        {typing},
  author = {Guido van Rossum, Jukka Lehtosalo, Łukasz Langa},
  year = {2014},
  url = {https://www.python.org/dev/peps/pep-0484/},
}

@article{hytest,
  journal = {Journal of Open Source Software},
  doi = {10.21105/joss.01891},
  issn = {2475-9066},
  number = {43},
  publisher = {The Open Journal},
  title = {Hypothesis: A new approach to property-based testing},
  url = {http://dx.doi.org/10.21105/joss.01891},
  volume = {4},
  author = {MacIver, David and Hatfield-Dodds, Zac and Contributors, Many},
  pages = {1891},
  date = {2019-11-21},
  year = {2019},
  month = {11},
  day = {21},
}

@misc{psgui,
  title  = {PySimpleGUI},
  author = {Mike},
  year   = {2019},
  url    = {https://pysimplegui.readthedocs.io/en/latest/},
}

@book{pytestbook,
  title={Python testing with Pytest: simple, rapid, effective, and scalable},
  author={Okken, Brian},
  year={2017},
  publisher={Pragmatic Bookshelf}
}

@article{viterbi,
  title={Error bounds for convolutional codes and an asymptotically optimum decoding algorithm},
  author={Viterbi, Andrew},
  journal={IEEE transactions on Information Theory},
  volume={13},
  number={2},
  pages={260--269},
  year={1967},
  publisher={IEEE}
}

@article{stahlberg,
  title={On NMT Search Errors and Model Errors: Cat Got Your Tongue?},
  author={Stahlberg, Felix and Byrne, Bill},
  journal={arXiv preprint arXiv:1908.10090},
  year={2019}
}

@inproceedings{beamsearchcurse,
    title = "Breaking the Beam Search Curse: A Study of (Re-)Scoring Methods and Stopping Criteria for Neural Machine Translation",
    author = "Yang, Yilin  and
      Huang, Liang  and
      Ma, Mingbo",
    booktitle = "Proceedings of the 2018 Conference on Empirical Methods in Natural Language Processing",
    month = oct # "-" # nov,
    year = "2018",
    address = "Brussels, Belgium",
    publisher = "Association for Computational Linguistics",
    url = "https://www.aclweb.org/anthology/D18-1342",
    doi = "10.18653/v1/D18-1342",
    pages = "3054--3059",
}

@article{beamquestion,
  title={If beam search is the answer, what was the question?},
  author={Meister, Clara and Vieira, Tim and Cotterell, Ryan},
  journal={arXiv preprint arXiv:2010.02650},
  year={2020}
}

@inproceedings{dataquality,
author = {Jain, Abhinav and Patel, Hima and Nagalapatti, Lokesh and Gupta, Nitin and Mehta, Sameep and Guttula, Shanmukha and Mujumdar, Shashank and Afzal, Shazia and Sharma Mittal, Ruhi and Munigala, Vitobha},
title = {Overview and Importance of Data Quality for Machine Learning Tasks},
year = {2020},
isbn = {9781450379984},
publisher = {Association for Computing Machinery},
address = {New York, NY, USA},
url = {https://doi.org/10.1145/3394486.3406477},
doi = {10.1145/3394486.3406477},
pages = {3561–3562},
numpages = {2},
keywords = {machine learning, quality metrics, data quality},
location = {Virtual Event, CA, USA},
% series = {KDD '20}
}

@book{progsynth,
author = {Gulwani, Sumit and Polozov, Oleksandr and Singh, Rishabh},
year = {2017},
month = {01},
pages = {},
title = {Program Synthesis},
isbn = {9781680832938},
doi = {10.1561/9781680832938}
}

@article{david2017program,
  title={Program synthesis: challenges and opportunities},
  author={David, Cristina and Kroening, Daniel},
  journal={Philosophical Transactions of the Royal Society A: Mathematical, Physical and Engineering Sciences},
  volume={375},
  number={2104},
  pages={20150403},
  year={2017},
  publisher={The Royal Society Publishing}
}

@article{dsl,
author = {Deursen, Arie and Klint, Paul and Visser, Joost},
year = {2000},
month = {06},
pages = {26-36},
title = {Domain-Specific Languages},
volume = {35},
journal = {ACM SIGPLAN Notices},
doi = {10.1145/352029.352035}
}

@online{synthdata,
  author = {Cem Dilmegani},
  title = {Synthetic Data Generation: Techniques, Best Practices \& Tools},
  year = {2021},
  url = {https://research.aimultiple.com/synthetic-data-generation/},
}

@online{concat,
  author = {Dave Carlton},
  title = {Concatenative language},
  url = {https://www.concatenative.org/wiki/view/Concatenative\%20language},
}

@inproceedings{herzberg2009concatenative,
  title={Concatenative programming-an overlooked paradigm in functional programming},
  author={Herzberg, Dominikus and Reichert, Tim},
  booktitle={International Conference on Software and Data Technologies},
  volume={1},
  pages={257--262},
  year={2009},
  organization={SCITEPRESS}
}

@article{factorlan,
  title={Factor: A dynamic stack-based programming language},
  author={Pestov, Sviatoslav and Ehrenberg, Daniel and Groff, Joe},
  journal={Acm Sigplan Notices},
  volume={45},
  number={12},
  pages={43--58},
  year={2010},
  publisher={ACM New York, NY, USA}
}

@inproceedings{von2001joy,
  title={Joy: Forth’s functional cousin},
  author={Von Thun, Manfred and Thomas, R},
  booktitle={Proceedings from the 17th EuroForth Conference},
  year={2001},
  url={http://www.complang.tuwien.ac.at/anton/euroforth/ef01/thomas01a.pdf}
}

@article{nye2020representing,
  title={Representing Partial Programs with Blended Abstract Semantics},
  author={Nye, Maxwell and Pu, Yewen and Bowers, Matthew and Andreas, Jacob and Tenenbaum, Joshua B and Solar-Lezama, Armando},
  journal={arXiv preprint arXiv:2012.12964},
  year={2020}
}

@article{adamW,
  title={Decoupled weight decay regularization},
  author={Loshchilov, Ilya and Hutter, Frank},
  journal={arXiv preprint arXiv:1711.05101},
  year={2017}
}

@article{dropout,
  title={Improving neural networks by preventing co-adaptation of feature detectors},
  author={Hinton, Geoffrey E and Srivastava, Nitish and Krizhevsky, Alex and Sutskever, Ilya and Salakhutdinov, Ruslan R},
  journal={arXiv preprint arXiv:1207.0580},
  year={2012}
}

@techreport{BP,
  title={Learning internal representations by error propagation},
  author={Rumelhart, David E and Hinton, Geoffrey E and Williams, Ronald J},
  year={1985},
  institution={California Univ San Diego La Jolla Inst for Cognitive Science}
}

@article{RPN,
  title={An analysis of a logical machine using parenthesis-free notation},
  author={Burks, Arthur W and Warren, Don W and Wright, Jesse B},
  journal={Mathematical tables and other aids to computation},
  volume={8},
  number={46},
  pages={53--57},
  year={1954},
  publisher={JSTOR}
}

@misc{ wiki:concat,
   author = {Wikipedia contributors},
   title = {Concatenative programming language},
   year = {2021},
   url = {https://en.wikipedia.org/wiki/Concatenative_programming_language},
}

@misc{ wiki:oop,
   author = {Wikipedia contributors},
   title = {Object-oriented programming},
   year = {2021},
   url = {https://en.wikipedia.org/wiki/Object-oriented_programming},
}

@misc{ wiki:inheritance,
   author = {Wikipedia contributors},
   title = {Inheritance (object-oriented programming)},
   year = {2021},
   url = {https://en.wikipedia.org/wiki/Inheritance_(object-oriented_programming)},
}

@misc{ wiki:open-closed,
   author = {Wikipedia contributors},
   title = {Open–closed principle},
   year = {2021},
   url = {https://en.wikipedia.org/wiki/Open\%E2\%80\%93closed_principle},
}

@article{pytorch-ligntning,
  title={PyTorch Lightning},
  author={Falcon, WA and .al},
  journal={GitHub. Note: https://github.com/PyTorchLightning/pytorch-lightning},
  volume={3},
  year={2019}
}

@article{driscoll1989making,
  title={Making data structures persistent},
  author={Driscoll, James R and Sarnak, Neil and Sleator, Daniel D and Tarjan, Robert E},
  journal={Journal of computer and system sciences},
  volume={38},
  number={1},
  pages={86--124},
  year={1989},
  publisher={Elsevier}
}